@article{lowe2003web,
  title={Web system requirements: an overview},
  author={Lowe, David},
  journal={Requirements Engineering},
  volume={8},
  pages={102--113},
  year={2003},
  publisher={Springer}
}

@inproceedings{xanthopoulos2013comparative,
  title={A comparative analysis of cross-platform development approaches for mobile applications},
  author={Xanthopoulos, Spyros and Xinogalos, Stelios},
  booktitle={Proceedings of the 6th Balkan Conference in Informatics},
  pages={213--220},
  year={2013}
}

@article{aydos2022security,
  title={Security testing of web applications: A systematic mapping of the literature},
  author={Aydos, Murat and Aldan, {\c{C}}i{\u{g}}dem and Co{\c{s}}kun, Evren and Soydan, Alperen},
  journal={Journal of King Saud University-Computer and Information Sciences},
  volume={34},
  number={9},
  pages={6775--6792},
  year={2022},
  publisher={Elsevier}
}

@article{clutterbuck2009case,
  title={A case study of SME web application development effectiveness via Agile methods},
  author={Clutterbuck, Peter and Rowlands, Terry and Seamons, Owen},
  journal={Electronic Journal of Information Systems Evaluation},
  volume={12},
  number={1},
  pages={pp13--26},
  year={2009}
}

@inproceedings{ge2006agile,
  title={Agile development of secure web applications},
  author={Ge, Xiaocheng and Paige, Richard F and Polack, Fiona AC and Chivers, Howard and Brooke, Phillip J},
  booktitle={Proceedings of the 6th international conference on Web engineering},
  pages={305--312},
  year={2006}
}

@inproceedings{choudhary2010webdiff,
  title={WEBDIFF: Automated identification of cross-browser issues in web applications},
  author={Choudhary, Shauvik Roy and Versee, Husayn and Orso, Alessandro},
  booktitle={2010 IEEE International Conference on Software Maintenance},
  pages={1--10},
  organization={IEEE}
}

@article{peroli2018mobster,
  title={MobSTer: A model-based security testing framework for web applications},
  author={Peroli, Michele and De Meo, Federico and Vigan{\`o}, Luca and Guardini, Davide},
  journal={Software Testing, Verification and Reliability},
  volume={28},
  number={8},
  pages={e1685},
  year={2018},
  publisher={Wiley Online Library}
}

@article{chen2004web,
  title={Web mining: Machine learning for web applications},
  author={Chen, Hsinchun and Chau, Michael},
  journal={Annual review of information science and technology},
  volume={38},
  number={1},
  pages={289--329},
  year={2004},
  publisher={Wiley Subscription Services, Inc., A Wiley Company Hoboken}
}

@article{chowdhary2023generative,
  title={Generative Adversarial Network (GAN)-Based Autonomous Penetration Testing for Web Applications},
  author={Chowdhary, Ankur and Jha, Kritshekhar and Zhao, Ming},
  journal={Sensors},
  volume={23},
  number={18},
  pages={8014},
  year={2023},
  publisher={MDPI}
}
